<record><leader>00000cas a2200000 a 4500</leader><controlfield tag="001">9306244</controlfield><controlfield tag="008">830314c19uu9999txuwr ne      0   a0eng c</controlfield><datafield ind1=" " ind2=" " tag="010"><subfield code="a">   83648088 </subfield><subfield code="z">sn 83000464 </subfield></datafield><datafield ind1=" " ind2=" " tag="040"><subfield code="a">NSD</subfield><subfield code="b">eng</subfield><subfield code="c">NSD</subfield><subfield code="d">DLC</subfield><subfield code="d">OCLCQ</subfield><subfield code="d">DLC</subfield><subfield code="d">OCLCQ</subfield><subfield code="d">OCLCF</subfield><subfield code="d">OCLCO</subfield></datafield><datafield ind1=" " ind2=" " tag="012"><subfield code="a">3</subfield><subfield code="c">y</subfield><subfield code="m">1</subfield></datafield><datafield ind1="1" ind2=" " tag="022"><subfield code="a">0745-5909</subfield><subfield code="l">0745-5909</subfield><subfield code="2">1</subfield></datafield><datafield ind1="1" ind2=" " tag="029"><subfield code="a">AU@</subfield><subfield code="b">000020418170</subfield></datafield><datafield ind1=" " ind2=" " tag="032"><subfield code="a">692570</subfield><subfield code="b">USPS</subfield></datafield><datafield ind1=" " ind2=" " tag="037"><subfield code="b">Daily Commercial Record, Inc., 202 W. Louisiana, Suite 207, McKinney, TX 75069</subfield></datafield><datafield ind1=" " ind2=" " tag="042"><subfield code="a">pcc</subfield><subfield code="a">nsdp</subfield></datafield><datafield ind1=" " ind2=" " tag="043"><subfield code="a">n-us-tx</subfield></datafield><datafield ind1="1" ind2="0" tag="050"><subfield code="a">K3</subfield><subfield code="b">.O3438</subfield></datafield><datafield ind1="0" ind2=" " tag="082"><subfield code="a">340/.05</subfield><subfield code="2">19</subfield></datafield><datafield ind1=" " ind2="0" tag="222"><subfield code="a">Collin County commercial record</subfield></datafield><datafield ind1="0" ind2="0" tag="245"><subfield code="a">Collin County commercial record.</subfield></datafield><datafield ind1="3" ind2="0" tag="246"><subfield code="a">Commercial record</subfield></datafield><datafield ind1=" " ind2=" " tag="260"><subfield code="a">McKinney, TX :</subfield><subfield code="b">Daily Commercial Record</subfield></datafield><datafield ind1=" " ind2=" " tag="300"><subfield code="a">v. :</subfield><subfield code="b">ill. ;</subfield><subfield code="c">45 cm.</subfield></datafield><datafield ind1=" " ind2=" " tag="310"><subfield code="a">Weekly</subfield></datafield><datafield ind1=" " ind2=" " tag="588"><subfield code="a">Description based on: 1st year, no. 8 (Wednesday, Feb. 9, 1983); title from caption.</subfield></datafield><datafield ind1=" " ind2="0" tag="650"><subfield code="a">Law</subfield><subfield code="z">Texas</subfield><subfield code="z">Collin County</subfield><subfield code="v">Periodicals.</subfield></datafield><datafield ind1=" " ind2="7" tag="655"><subfield code="a">Periodicals.</subfield><subfield code="2">fast</subfield><subfield code="0">(OCoLC)fst01411641</subfield></datafield><datafield ind1=" " ind2="7" tag="650"><subfield code="a">Law.</subfield><subfield code="2">fast</subfield><subfield code="0">(OCoLC)fst00993678</subfield></datafield><datafield ind1=" " ind2="7" tag="651"><subfield code="a">Texas</subfield><subfield code="z">Collin County.</subfield><subfield code="2">fast</subfield><subfield code="0">(OCoLC)fst01205693</subfield></datafield><datafield ind1=" " ind2=" " tag="936"><subfield code="a">Feb. 9, 1983</subfield></datafield></record>